
@article{simonyan2014very,
  title={Very deep convolutional networks for large-scale image recognition},
  author={Simonyan, Karen and Zisserman, Andrew},
  journal={arXiv preprint arXiv:1409.1556},
  year={2014}
}

@inproceedings{zhang2016single,
  title={Single-image crowd counting via multi-column convolutional neural network},
  author={Zhang, Yingying and Zhou, Desen and Chen, Siqin and Gao, Shenghua and Ma, Yi},
  booktitle={Proceedings of the IEEE conference on computer vision and pattern recognition},
  pages={589--597},
  year={2016}
}

@inproceedings{li2018csrnet,
  title={Csrnet: Dilated convolutional neural networks for understanding the highly congested scenes},
  author={Li, Yuhong and Zhang, Xiaofan and Chen, Deming},
  booktitle={Proceedings of the IEEE conference on computer vision and pattern recognition},
  pages={1091--1100},
  year={2018}
}

@inproceedings{deng2009imagenet,
	title={Imagenet: A large-scale hierarchical image database},
	author={Deng, Jia and Dong, Wei and Socher, Richard and Li, Li-Jia and Li, Kai and Fei-Fei, Li},
	booktitle={2009 IEEE conference on computer vision and pattern recognition},
	pages={248--255},
	year={2009},
	organization={Ieee}
}